@book{sweigart2015automate,
  title={Automate the Boring Stuff with Python: Practical Programming for Total Beginners},
  author={Sweigart, Al},
  year={2015},
  publisher={No Starch Press}
}

@article{wentworth2011think,
  title={How to think like a computer scientist},
  author={Wentworth, Peter and Elkner, Jeffrey and Downey, Allen B and Meyers, Chris},
  year={2011}
}

@misc{checkIO,
  title = {CheckIO - Interactive Gamified Python Course},
  howpublished = {\url{https://checkio.org/}},
  note = {Aufgerufen: 2017-11-17}
}
